<?xml version="1.0" encoding="UTF-8"?><collection xmlns="http://www.loc.gov/MARC21/slim"><record><leader>00671nam--2200181-u-4500</leader><controlfield tag="001">000054796</controlfield><controlfield tag="002">20161230</controlfield><controlfield tag="005">20161230201051</controlfield><controlfield tag="008">120614s1000------------r-----000-0-eng-d</controlfield><datafield ind1=" " ind2=" " tag="040"><subfield code="a">IFIN-HH</subfield></datafield><datafield ind1=" " ind2=" " tag="080"><subfield code="a">539.17(061.3):539.171.02(061.3)</subfield></datafield><datafield ind1="1" ind2=" " tag="110"><subfield code="a">American Nuclear Society</subfield></datafield><datafield ind1="1" ind2="0" tag="245"><subfield code="a">Neutron cross sections and technology</subfield><subfield code="b">Proceedings of the third conference on neutron cross sections and technology march 15-17, 1971 university of tennessee, knoxville, tennessee</subfield></datafield><datafield ind1=" " ind2=" " tag="260"><subfield code="a">Springfield, Virginia</subfield><subfield code="b">National Technical Information Service</subfield><subfield code="c">1971</subfield></datafield><datafield ind1=" " ind2=" " tag="300"><subfield code="a">2 VOLUME</subfield></datafield><datafield ind1="1" ind2=" " tag="787"><subfield code="a">Vol. 2</subfield><subfield code="h">/484p./913p</subfield></datafield><datafield ind1=" " ind2=" " tag="852"><subfield code="a">42779</subfield><subfield code="c">539.17</subfield></datafield><datafield ind1=" " ind2=" " tag="CAT"><subfield code="a">Sys</subfield><subfield code="c">20120614</subfield><subfield code="h">102028</subfield></datafield></record></collection>